<record><leader>00000cas a22000007a 4500</leader><controlfield tag="001">41645392</controlfield><controlfield tag="008">990702d19381942sduwr ne      0    0eng d</controlfield><datafield ind1=" " ind2=" " tag="010"><subfield code="a">sn 99068035 </subfield></datafield><datafield ind1=" " ind2=" " tag="040"><subfield code="a">SXN</subfield><subfield code="b">eng</subfield><subfield code="c">SXN</subfield><subfield code="d">OCLCF</subfield><subfield code="d">OCLCO</subfield></datafield><datafield ind1=" " ind2=" " tag="042"><subfield code="a">msc</subfield></datafield><datafield ind1=" " ind2=" " tag="043"><subfield code="a">n-us-sd</subfield></datafield><datafield ind1="0" ind2="0" tag="245"><subfield code="a">Marshall County journal and the Britton sentinel.</subfield></datafield><datafield ind1=" " ind2=" " tag="260"><subfield code="a">Britton, Marshall County, S.D. :</subfield><subfield code="b">H.B. and Lucy Tysell,</subfield><subfield code="c">1938-1942.</subfield></datafield><datafield ind1=" " ind2=" " tag="300"><subfield code="a">v.</subfield></datafield><datafield ind1=" " ind2=" " tag="310"><subfield code="a">Weekly</subfield></datafield><datafield ind1="0" ind2=" " tag="362"><subfield code="a">Vol. 55, no. 34 (Jan. 6, 1938)-v. 59, no. 8 (July 2, 1942).</subfield></datafield><datafield ind1=" " ind2=" " tag="530"><subfield code="a">Available on microfilm from: State Archives, South Dakota State Historical Society.</subfield></datafield><datafield ind1=" " ind2="0" tag="651"><subfield code="a">Britton (S.D.)</subfield><subfield code="v">Newspapers.</subfield></datafield><datafield ind1=" " ind2="0" tag="651"><subfield code="a">Marshall County (S.D.)</subfield><subfield code="v">Newspapers.</subfield></datafield><datafield ind1=" " ind2="7" tag="655"><subfield code="a">Newspapers.</subfield><subfield code="2">fast</subfield><subfield code="0">(OCoLC)fst01423814</subfield></datafield><datafield ind1=" " ind2="7" tag="651"><subfield code="a">South Dakota</subfield><subfield code="z">Britton.</subfield><subfield code="2">fast</subfield><subfield code="0">(OCoLC)fst01306790</subfield></datafield><datafield ind1=" " ind2="7" tag="651"><subfield code="a">South Dakota</subfield><subfield code="z">Marshall County.</subfield><subfield code="2">fast</subfield><subfield code="0">(OCoLC)fst01207241</subfield></datafield><datafield ind1=" " ind2=" " tag="752"><subfield code="a">United States</subfield><subfield code="b">South Dakota</subfield><subfield code="c">Marshall</subfield><subfield code="d">Britton.</subfield></datafield><datafield ind1="0" ind2="0" tag="780"><subfield code="t">Marshall County journal</subfield><subfield code="w">(DLC)sn 99068034</subfield></datafield><datafield ind1="0" ind2="0" tag="785"><subfield code="t">Britton journal</subfield><subfield code="w">(DLC)sn 85042704</subfield></datafield></record>